<record><leader>00000cas a22000007a 4500</leader><controlfield tag="001">24222512</controlfield><controlfield tag="008">910812c19089999njuwr ne      0   a0eng c</controlfield><datafield ind1=" " ind2=" " tag="010"><subfield code="a">sn 95005533 </subfield><subfield code="z">sn 91064025 </subfield></datafield><datafield ind1=" " ind2=" " tag="040"><subfield code="a">NJW</subfield><subfield code="b">eng</subfield><subfield code="c">NJW</subfield><subfield code="d">NSD</subfield><subfield code="d">OCLCQ</subfield></datafield><datafield ind1=" " ind2=" " tag="012"><subfield code="m">1</subfield></datafield><datafield ind1="1" ind2=" " tag="022"><subfield code="a">1084-8061</subfield><subfield code="l">1084-8061</subfield><subfield code="2">1</subfield></datafield><datafield ind1=" " ind2=" " tag="032"><subfield code="a">036140</subfield><subfield code="b">USPS</subfield></datafield><datafield ind1=" " ind2=" " tag="042"><subfield code="a">nsdp</subfield><subfield code="a">pcc</subfield></datafield><datafield ind1=" " ind2="0" tag="222"><subfield code="a">Atlantic County record</subfield></datafield><datafield ind1="0" ind2="0" tag="245"><subfield code="a">Atlantic County record.</subfield></datafield><datafield ind1=" " ind2=" " tag="260"><subfield code="a">May's Landing, N.J. :</subfield><subfield code="b">E.C. Shaner</subfield></datafield><datafield ind1=" " ind2=" " tag="300"><subfield code="a">v.</subfield></datafield><datafield ind1=" " ind2=" " tag="310"><subfield code="a">Weekly</subfield></datafield><datafield ind1="1" ind2=" " tag="362"><subfield code="a">Began in 1908?</subfield></datafield><datafield ind1=" " ind2=" " tag="588"><subfield code="a">Description based on: 32nd year, no. 10 (Nov. 14, 1908).</subfield></datafield><datafield ind1=" " ind2=" " tag="588"><subfield code="a">Latest issue consulted: Vol. 117, no. 11 (Mar. 16, 1995).</subfield></datafield><datafield ind1=" " ind2=" " tag="752"><subfield code="a">United States</subfield><subfield code="b">New Jersey</subfield><subfield code="c">Atlantic</subfield><subfield code="d">May's Landing.</subfield></datafield><datafield ind1="0" ind2="0" tag="780"><subfield code="t">May's Landing record</subfield><subfield code="w">(DLC)sn 85035631</subfield><subfield code="w">(OCoLC)11981548</subfield></datafield></record>